@misc{UmrechnungGoldmark,
  title = {Umrechnung Goldmark},
  lastchecked = {27.05.2013},
  url = {{http://www.wer-weiss-was.de/theme65/article5097954.html}}
}

@book{buernheim1997bahnen,
  title={Bahnen und Busse rund um den Langen Ludwig: Stadtverkehr in Darmstadt},
  author={B{\"u}rnheim, H. and Burmeister, J.},
  year={1997},
  address={Düsseldorf},
  publisher={Alba}
}

@book{hoeltge1992hessen,
  title={Strassen- und Stadtbahnen in Deutschland: Hessen},
  author={H{\"o}ltge, D. and K{\"o}hler, G.H.},
  year={1992},
  address={Erfurt},
  publisher={Eisenbahn-Kurier, EK-Verlag}
}

@misc{BybaneBergen,
  title = {Bybanen Bergen Light Rail},
  lastchecked = {27.05.2013},
  url = {{http://www.bybane.no/index.cfm?id=170586}}
}

% url = {{http://www3.bergen.kommune.no/bybane/bybanen_gml/REI_LRTinBergen_Juni2003.pdf}},
@article{BergenCurrentStatus,
  author = {Potter, Thomas J.},
  title = {The light rail transit project of Bergen, Norway: current status},
  year = 2003,
  journal = {Rail Engineering International Edition},
  volume = 2,
  pages = {5--7}
}

@misc{midttrafik,
  title = {Midttrafik.dk},
  lastchecked = {27.05.2013},
  url = {{http://www.midttrafik.dk/letbane/in+english}}
}

@misc{UmrechnungKronen,
  title = {Umrechnungskurs Kronen zu €},
  lastchecked = {27.05.2013},
  url = {http://www.umrechnung24.de/waehrungen/waehrung_1224243964.htm}
}
